@techreport{cyberventures2023,
  title={Global Ransomware Threat Report 2023},
  author={{Cyber Ventures}},
  year={2023},
  institution={Cyber Ventures LLC},
  url={https://www.cyberventures.com/reports/ransomware2023},
  note={Accessed: 2023-10-15}
}

@article{li2022,
  title={Hybrid Machine Learning Approach for Ransomware Detection Using Static and Dynamic Features},
  author={Li, Wei and Zhang, Hao and Chen, Yang},
  journal={Journal of Cybersecurity},
  volume={15},
  number={4},
  pages={102--115},
  year={2022},
  doi={10.1145/12345678}
}


@inproceedings{shirazi2020,
  title={A Comparative Analysis of Machine Learning Models for Ransomware Classification},
  author={Shirazi, Amir and Smith, John},
  booktitle={Proceedings of the IEEE Security and Privacy Workshops},
  pages={78--85},
  year={2020},
  organization={IEEE}
}

@misc{singh2022rdpm,
    title={Ransomware Detection using Process Memory},
    author={Avinash Singh and Richard Adeyemi Ikuesan and Hein Venter},
    year={2022},
    eprint={2203.16871},
    archivePrefix={arXiv},
    primaryClass={cs.CR},
    url={https://arxiv.org/abs/2203.16871},
}
@misc{rdpm2023,
  title={Ransomware Detection using Process Memory (RDPM)},
  author={{ICFL-UP}},
  year={2023},
  howpublished={\url{https://github.com/ICFL-UP/RDPM}},
  note={Accessed: 2023-10-15}
}